
@article{SUR_0,
  author     = {Shan Li and
                Weihong Deng},
  title      = {Deep Facial Expression Recognition: {A} Survey},
  journal    = {CoRR},
  volume     = {abs/1804.08348},
  year       = {2018},
  url        = {http://arxiv.org/abs/1804.08348},
  eprinttype = {arXiv},
  eprint     = {1804.08348},
  timestamp  = {Mon, 13 Aug 2018 16:48:55 +0200},
  biburl     = {https://dblp.org/rec/journals/corr/abs-1804-08348.bib},
  bibsource  = {dblp computer science bibliography, https://dblp.org}
}

@article{SUR_1,
  author         = {Kopalidis, Thomas and Solachidis, Vassilios and Vretos, Nicholas and Daras, Petros},
  title          = {Advances in Facial Expression Recognition: A Survey of Methods, Benchmarks, Models, and Datasets},
  journal        = {Information},
  volume         = {15},
  year           = {2024},
  number         = {3},
  article-number = {135},
  url            = {https://www.mdpi.com/2078-2489/15/3/135},
  issn           = {2078-2489},
  doi            = {10.3390/info15030135}
}

@article{SUR_3,
  title   = {A comprehensive survey on deep facial expression recognition: challenges, applications, and future guidelines},
  author  = {Muhammad Sajjad and Fath U. Min Ullah and Mohib Ullah and Georgia Christodoulou and Faouzi Alaya Cheikh and Mohammad Hijji and Khan Muhammad and Joel J.P.C. Rodrigues},
  journal = {Alexandria Engineering Journal},
  year    = {2023},
  url     = {https://api.semanticscholar.org/CorpusID:256783294}
}




@article{AFEW,
  author   = {Dhall, Abhinav and Goecke, Roland and Lucey, Simon and Gedeon, Tom},
  journal  = {IEEE MultiMedia},
  title    = {Collecting Large, Richly Annotated Facial-Expression Databases from Movies},
  year     = {2012},
  volume   = {19},
  number   = {3},
  pages    = {34-41},
  keywords = {Databases;Motion pictures;Image retrieval;Face recognition;Large-scale systems;Facial features;multimedia;large-scale multimedia data;facial expression recognition;large-scale database;real-world conditions;emotion database},
  doi      = {10.1109/MMUL.2012.26}
}


@inproceedings{Bosphorus,
  author  = {Savran, Arman and Alyuz, Nese and Dibeklioglu, Hamdi and Çeliktutan, Oya and Gokberk, Berk and Sankur, Bulent and Akarun, Lale},
  year    = {2008},
  month   = {01},
  pages   = {47-56},
  title   = {Bosphorus Database for 3D Face Analysis},
  isbn    = {978-3-540-89990-7},
  journal = {Workshop on Biometrics and Identity Management},
  doi     = {10.1007/978-3-540-89991-4_6}
}

@inproceedings{BU3DFE,
  author    = {Lijun Yin and Xiaozhou Wei and Yi Sun and Jun Wang and Rosato, M.J.},
  booktitle = {7th International Conference on Automatic Face and Gesture Recognition (FGR06)},
  title     = {A 3D facial expression database for facial behavior research},
  year      = {2006},
  volume    = {},
  number    = {},
  pages     = {211-216},
  keywords  = {Face recognition;Humans;Shape;Magnetic heads;Information analysis;Image databases;Video sequences;Facial animation;Space exploration;Pattern recognition},
  doi       = {10.1109/FGR.2006.6}
}

@inproceedings{BU4DFE,
  author    = {Yin, Lijun and Chen, Xiaochen and Sun, Yi and Worm, Tony and Reale, Michael},
  booktitle = {2008 8th IEEE International Conference on Automatic Face \& Gesture Recognition},
  title     = {A high-resolution 3D dynamic facial expression database},
  year      = {2008},
  volume    = {},
  number    = {},
  pages     = {1-6},
  keywords  = {Face recognition;Face detection;Information analysis;Psychology;Humans;Image databases;Sun;Computer worms;Computer science;Spatial databases},
  doi       = {10.1109/AFGR.2008.4813324}
}

@inproceedings{BU4DFES,
  author    = {Zhang, Xing and Yin, Lijun and Cohn, Jeffrey F. and Canavan, Shaun and Reale, Michael and Horowitz, Andy and Peng Liu},
  booktitle = {2013 10th IEEE International Conference and Workshops on Automatic Face and Gesture Recognition (FG)},
  title     = {A high-resolution spontaneous 3D dynamic facial expression database},
  year      = {2013},
  volume    = {},
  number    = {},
  pages     = {1-6},
  keywords  = {Databases;Solid modeling;Shape;Deformable models;Hidden Markov models;Face;3D facial expression;FACS;spontaneous expression;dynamic facial expression database},
  doi       = {10.1109/FG.2013.6553788}
}


@article{CBAM,
  author       = {Sanghyun Woo and
                  Jongchan Park and
                  Joon{-}Young Lee and
                  In So Kweon},
  title        = {{CBAM:} Convolutional Block Attention Module},
  journal      = {CoRR},
  volume       = {abs/1807.06521},
  year         = {2018},
  url          = {http://arxiv.org/abs/1807.06521},
  eprinttype    = {arXiv},
  eprint       = {1807.06521},
  timestamp    = {Mon, 13 Aug 2018 16:48:20 +0200},
  biburl       = {https://dblp.org/rec/journals/corr/abs-1807-06521.bib},
  bibsource    = {dblp computer science bibliography, https://dblp.org}
}

@ARTICLE{LANET,
  author={Wang, Qiangchang and Guo, Guodong},
  journal={IEEE Transactions on Information Forensics and Security}, 
  title={LS-CNN: Characterizing Local Patches at Multiple Scales for Face Recognition}, 
  year={2020},
  volume={15},
  number={},
  pages={1640-1653},
  keywords={Face;Face recognition;Feature extraction;Kernel;Task analysis;Mouth;Convolutional neural networks;Local patch;multi-scale;pose variations;age variations;face quality;face recognition},
  doi={10.1109/TIFS.2019.2946938}}

@article{CalD3rMenD3s,
  title    = {CalD3r and MenD3s: Spontaneous 3D facial expression databases},
  journal  = {Journal of Visual Communication and Image Representation},
  volume   = {98},
  pages    = {104033},
  year     = {2024},
  issn     = {1047-3203},
  doi      = {https://doi.org/10.1016/j.jvcir.2023.104033},
  url      = {https://www.sciencedirect.com/science/article/pii/S1047320323002833},
  author   = {Luca Ulrich and Federica Marcolin and Enrico Vezzetti and Francesca Nonis and Daniel C. Mograbi and Giulia Wally Scurati and Nicolò Dozio and Francesco Ferrise},
  keywords = {3D facial expression, Spontaneous expressions, Facial expression recognition, Ecological validity, Affective database, Human-computer interaction},
  abstract = {}
}

@article{4DFAB,
  author       = {Shiyang Cheng and
                  Irene Kotsia and
                  Maja Pantic and
                  Stefanos Zafeiriou},
  title        = {4DFAB: {A} Large Scale 4D Facial Expression Database for Biometric
                  Applications},
  journal      = {CoRR},
  volume       = {abs/1712.01443},
  year         = {2017},
  url          = {http://arxiv.org/abs/1712.01443},
  eprinttype    = {arXiv},
  eprint       = {1712.01443},
  timestamp    = {Wed, 20 Mar 2019 19:03:15 +0100},
  biburl       = {https://dblp.org/rec/journals/corr/abs-1712-01443.bib},
  bibsource    = {dblp computer science bibliography, https://dblp.org}
}

@misc{FER2013,
  author       = {Kaggle},
  title        = {Facial Expression Recognition Challenge 2013},
  year         = {2013},
  url          = {https://www.kaggle.com/c/challenges-in-representation-learning-facial-expression-recognition-challenge/},
}

@inproceedings{SFEW,
  author    = {Dhall, Abhinav and Goecke, Roland and Lucey, Simon and Gedeon, Tom},
  booktitle = {2011 IEEE International Conference on Computer Vision Workshops (ICCV Workshops)},
  title     = {Static facial expression analysis in tough conditions: Data, evaluation protocol and benchmark},
  year      = {2011},
  volume    = {},
  number    = {},
  pages     = {2106-2112},
  keywords  = {Databases;Face;Protocols;Accuracy;Humans;Motion pictures;Conferences},
  doi       = {10.1109/ICCVW.2011.6130508}
}

@article{AffectNet,
  author       = {Ali Mollahosseini and
                  Behzad Hassani and
                  Mohammad H. Mahoor},
  title        = {AffectNet: {A} Database for Facial Expression, Valence, and Arousal
                  Computing in the Wild},
  journal      = {CoRR},
  volume       = {abs/1708.03985},
  year         = {2017},
  url          = {http://arxiv.org/abs/1708.03985},
  eprinttype    = {arXiv},
  eprint       = {1708.03985},
  timestamp    = {Mon, 13 Aug 2018 16:46:29 +0200},
  biburl       = {https://dblp.org/rec/journals/corr/abs-1708-03985.bib},
  bibsource    = {dblp computer science bibliography, https://dblp.org}
}

@article{ExpW,
  author       = {Zhanpeng Zhang and
                  Ping Luo and
                  Chen Change Loy and
                  Xiaoou Tang},
  title        = {From Facial Expression Recognition to Interpersonal Relation Prediction},
  journal      = {CoRR},
  volume       = {abs/1609.06426},
  year         = {2016},
  url          = {http://arxiv.org/abs/1609.06426},
  eprinttype    = {arXiv},
  eprint       = {1609.06426},
  timestamp    = {Tue, 09 Oct 2018 17:32:56 +0200},
  biburl       = {https://dblp.org/rec/journals/corr/ZhangLLT16.bib},
  bibsource    = {dblp computer science bibliography, https://dblp.org}
}

@inproceedings{JAFFE,
  title={Coding facial expressions with gabor wavelets},
  author={Lyons, Michael and Akamatsu, Shigeru and Kamachi, Miyuki and Gyoba, Jiro},
  booktitle={Proceedings Third IEEE international conference on automatic face and gesture recognition},
  pages={200--205},
  year={1998},
  organization={IEEE}
}

@article{CK+,
  title={The Extended Cohn-Kanade Dataset (CK+): A complete dataset for action unit and emotion-specified expression},
  author={Patrick Lucey and Jeffrey F. Cohn and Takeo Kanade and Jason M. Saragih and Zara Ambadar and I. Matthews},
  journal={2010 IEEE Computer Society Conference on Computer Vision and Pattern Recognition - Workshops},
  year={2010},
  pages={94-101},
  url={https://api.semanticscholar.org/CorpusID:3329621}
}



@article{FER+,
  author       = {Emad Barsoum and
                  Cha Zhang and
                  Cristian Canton{-}Ferrer and
                  Zhengyou Zhang},
  title        = {Training Deep Networks for Facial Expression Recognition with Crowd-Sourced
                  Label Distribution},
  journal      = {CoRR},
  volume       = {abs/1608.01041},
  year         = {2016},
  url          = {http://arxiv.org/abs/1608.01041},
  eprinttype    = {arXiv},
  eprint       = {1608.01041},
  timestamp    = {Mon, 13 Aug 2018 16:46:07 +0200},
  biburl       = {https://dblp.org/rec/journals/corr/BarsoumZCZ16.bib},
  bibsource    = {dblp computer science bibliography, https://dblp.org}
}

@INPROCEEDINGS{RAFDB,
  author={Li, Shan and Deng, Weihong and Du, JunPing},
  booktitle={2017 IEEE Conference on Computer Vision and Pattern Recognition (CVPR)}, 
  title={Reliable Crowdsourcing and Deep Locality-Preserving Learning for Expression Recognition in the Wild}, 
  year={2017},
  volume={},
  number={},
  pages={2584-2593},
  keywords={Databases;Reliability;Compounds;Face recognition;Machine learning;Gold;Crowdsourcing},
  doi={10.1109/CVPR.2017.277}}

@inproceedings{LFW,
  title={Labeled Faces in the Wild: A Database forStudying Face Recognition in Unconstrained Environments},
  author={Gary B. Huang and Marwan A. Mattar and Tamara L. Berg and Eric Learned-Miller},
  year={2008},
  url={https://api.semanticscholar.org/CorpusID:88166}
}

@INPROCEEDINGS{YTF,
  author={Wolf, Lior and Hassner, Tal and Maoz, Itay},
  booktitle={CVPR 2011}, 
  title={Face recognition in unconstrained videos with matched background similarity}, 
  year={2011},
  volume={},
  number={},
  pages={529-534},
  keywords={Videos;Face;Benchmark testing;Face recognition;Training;Databases;Lighting},
  doi={10.1109/CVPR.2011.5995566}}

@article{ImageNet,
  author       = {Olga Russakovsky and
                  Jia Deng and
                  Hao Su and
                  Jonathan Krause and
                  Sanjeev Satheesh and
                  Sean Ma and
                  Zhiheng Huang and
                  Andrej Karpathy and
                  Aditya Khosla and
                  Michael S. Bernstein and
                  Alexander C. Berg and
                  Li Fei{-}Fei},
  title        = {ImageNet Large Scale Visual Recognition Challenge},
  journal      = {CoRR},
  volume       = {abs/1409.0575},
  year         = {2014},
  url          = {http://arxiv.org/abs/1409.0575},
  eprinttype    = {arXiv},
  eprint       = {1409.0575},
  timestamp    = {Tue, 10 Jan 2023 08:57:21 +0100},
  biburl       = {https://dblp.org/rec/journals/corr/RussakovskyDSKSMHKKBBF14.bib},
  bibsource    = {dblp computer science bibliography, https://dblp.org}
}

@article{VGGFace2,
  author       = {Qiong Cao and
                  Li Shen and
                  Weidi Xie and
                  Omkar M. Parkhi and
                  Andrew Zisserman},
  title        = {VGGFace2: {A} dataset for recognising faces across pose and age},
  journal      = {CoRR},
  volume       = {abs/1710.08092},
  year         = {2017},
  url          = {http://arxiv.org/abs/1710.08092},
  eprinttype    = {arXiv},
  eprint       = {1710.08092},
  timestamp    = {Wed, 04 Aug 2021 07:50:14 +0200},
  biburl       = {https://dblp.org/rec/journals/corr/abs-1710-08092.bib},
  bibsource    = {dblp computer science bibliography, https://dblp.org}
}

@inproceedings{CelebA,
  title = {Deep Learning Face Attributes in the Wild},
  author = {Liu, Ziwei and Luo, Ping and Wang, Xiaogang and Tang, Xiaoou},
  booktitle = {Proceedings of International Conference on Computer Vision (ICCV)},
  year = {2015} 
}

@article{CASIA-WebFace,
  title={Learning Face Representation from Scratch},
  author={Dong Yi and Zhen Lei and Shengcai Liao and S. Li},
  journal={ArXiv},
  year={2014},
  volume={abs/1411.7923},
  url={https://api.semanticscholar.org/CorpusID:17188384}
}

@article{FFHQ,
  title={FFHQ-UV: Normalized Facial UV-Texture Dataset for 3D Face Reconstruction},
  author={Haoran Bai and Di Kang and Haoxian Zhang and Jin-shan Pan and Linchao Bao},
  journal={2023 IEEE/CVF Conference on Computer Vision and Pattern Recognition (CVPR)},
  year={2022},
  pages={362-371},
  url={https://api.semanticscholar.org/CorpusID:254018271}
}

@article{UMDFaces,
  title={UMDFaces: An annotated face dataset for training deep networks},
  author={Ankan Bansal and Anirudh Nanduri and Carlos Domingo Castillo and Rajeev Ranjan and Rama Chellappa},
  journal={2017 IEEE International Joint Conference on Biometrics (IJCB)},
  year={2016},
  pages={464-473},
  url={https://api.semanticscholar.org/CorpusID:66176}
}

@article{MegaFace,
  title={MegaFace: A Million Faces for Recognition at Scale},
  author={Daniel Miller and Ira Kemelmacher-Shlizerman and Steven M. Seitz},
  journal={ArXiv},
  year={2015},
  volume={abs/1505.02108},
  url={https://api.semanticscholar.org/CorpusID:15074951}
}

@article{LAION-5B,
  title={LAION-5B: An open large-scale dataset for training next generation image-text models},
  author={Christoph Schuhmann and Romain Beaumont and Richard Vencu and Cade Gordon and Ross Wightman and Mehdi Cherti and Theo Coombes and Aarush Katta and Clayton Mullis and Mitchell Wortsman and Patrick Schramowski and Srivatsa Kundurthy and Katherine Crowson and Ludwig Schmidt and Robert Kaczmarczyk and Jenia Jitsev},
  journal={ArXiv},
  year={2022},
  volume={abs/2210.08402},
  url={https://api.semanticscholar.org/CorpusID:252917726}
}

@article{EDFace-Celeb-1M,
  title={EDFace-Celeb-1M: Benchmarking Face Hallucination With a Million-Scale Dataset},
  author={Kaihao Zhang and Dongxu Li and Wenhan Luo and Jingyun Liu and Jiankang Deng and Wei Liu and Stefanos Zafeiriou},
  journal={IEEE Transactions on Pattern Analysis and Machine Intelligence},
  year={2021},
  volume={45},
  pages={3968-3978},
  url={https://api.semanticscholar.org/CorpusID:238583342}
}

@article{FACESCAPE,
  author       = {Haotian Yang and
                  Hao Zhu and
                  Yanru Wang and
                  Mingkai Huang and
                  Qiu Shen and
                  Ruigang Yang and
                  Xun Cao},
  title        = {FaceScape: a Large-scale High Quality 3D Face Dataset and Detailed
                  Riggable 3D Face Prediction},
  journal      = {CoRR},
  volume       = {abs/2003.13989},
  year         = {2020},
  url          = {https://arxiv.org/abs/2003.13989},
  eprinttype    = {arXiv},
  eprint       = {2003.13989},
  timestamp    = {Thu, 06 Aug 2020 09:24:32 +0200},
  biburl       = {https://dblp.org/rec/journals/corr/abs-2003-13989.bib},
  bibsource    = {dblp computer science bibliography, https://dblp.org}
}







@misc{RW_1_POSTERV2,
      title={POSTER++: A simpler and stronger facial expression recognition network}, 
      author={Jiawei Mao and Rui Xu and Xuesong Yin and Yuanqi Chang and Binling Nie and Aibin Huang},
      year={2023},
      eprint={2301.12149},
      archivePrefix={arXiv},
      primaryClass={cs.CV},
      url={https://arxiv.org/abs/2301.12149}, 
}

@misc{RW_2_FER-former,
      title={FER-former: Multi-modal Transformer for Facial Expression Recognition}, 
      author={Yande Li and Mingjie Wang and Minglun Gong and Yonggang Lu and Li Liu},
      year={2023},
      eprint={2303.12997},
      archivePrefix={arXiv},
      primaryClass={cs.CV},
      url={https://arxiv.org/abs/2303.12997}, 
}

@article{RW_3_FERVT,
title = {Facial expression recognition with grid-wise attention and visual transformer},
journal = {Information Sciences},
volume = {580},
pages = {35-54},
year = {2021},
issn = {0020-0255},
doi = {https://doi.org/10.1016/j.ins.2021.08.043},
url = {https://www.sciencedirect.com/science/article/pii/S0020025521008495},
author = {Qionghao Huang and Changqin Huang and Xizhe Wang and Fan Jiang},
keywords = {Facial Expression Recognition, Attention mechanism, Grid-wise attention, Visual transformer}
}

@article{RW_4_TRANSFER,
  author       = {Fanglei Xue and
                  Qiangchang Wang and
                  Guodong Guo},
  title        = {TransFER: Learning Relation-aware Facial Expression Representations
                  with Transformers},
  journal      = {CoRR},
  volume       = {abs/2108.11116},
  year         = {2021},
  url          = {https://arxiv.org/abs/2108.11116},
  eprinttype    = {arXiv},
  eprint       = {2108.11116},
  timestamp    = {Fri, 27 Aug 2021 15:02:29 +0200},
  biburl       = {https://dblp.org/rec/journals/corr/abs-2108-11116.bib},
  bibsource    = {dblp computer science bibliography, https://dblp.org}
}

@article{RW_4B_CLIP,
  author       = {Alec Radford and
                  Jong Wook Kim and
                  Chris Hallacy and
                  Aditya Ramesh and
                  Gabriel Goh and
                  Sandhini Agarwal and
                  Girish Sastry and
                  Amanda Askell and
                  Pamela Mishkin and
                  Jack Clark and
                  Gretchen Krueger and
                  Ilya Sutskever},
  title        = {Learning Transferable Visual Models From Natural Language Supervision},
  journal      = {CoRR},
  volume       = {abs/2103.00020},
  year         = {2021},
  url          = {https://arxiv.org/abs/2103.00020},
  eprinttype    = {arXiv},
  eprint       = {2103.00020},
  timestamp    = {Thu, 04 Mar 2021 17:00:40 +0100},
  biburl       = {https://dblp.org/rec/journals/corr/abs-2103-00020.bib},
  bibsource    = {dblp computer science bibliography, https://dblp.org}
}

@misc{RW_5_ARBEX,
      title={ARBEx: Attentive Feature Extraction with Reliability Balancing for Robust Facial Expression Learning}, 
      author={Azmine Toushik Wasi and Karlo Šerbetar and Raima Islam and Taki Hasan Rafi and Dong-Kyu Chae},
      year={2023},
      eprint={2305.01486},
      archivePrefix={arXiv},
      primaryClass={cs.CV},
      url={https://arxiv.org/abs/2305.01486}, 
}

@article{RW_6_VTFF,
  author   = {Ma, Fuyan and Sun, Bin and Li, Shutao},
  journal  = {IEEE Transactions on Affective Computing},
  title    = {Facial Expression Recognition With Visual Transformers and Attentional Selective Fusion},
  year     = {2023},
  volume   = {14},
  number   = {2},
  pages    = {1236-1248},
  keywords = {Face recognition;Feature extraction;Transformers;Visualization;Image recognition;Head;Task analysis;Facial expression recognition in the wild;global-local attention;transformers;global self-attention},
  doi      = {10.1109/TAFFC.2021.3122146}
}

@article{RW_7_EFF1,
  title={Classifying Emotions and Engagement in Online Learning Based on a Single Facial Expression Recognition Neural Network},
  author={A. Savchenko and Lyudmila V. Savchenko and Ilya Makarov},
  journal={IEEE Transactions on Affective Computing},
  year={2022},
  volume={13},
  pages={2132-2143},
  url={https://api.semanticscholar.org/CorpusID:250298227}
}

@INPROCEEDINGS{RW_7_EFF2,
  author={Savchenko, Andrey V.},
  booktitle={2021 IEEE 19th International Symposium on Intelligent Systems and Informatics (SISY)}, 
  title={Facial expression and attributes recognition based on multi-task learning of lightweight neural networks}, 
  year={2021},
  volume={},
  number={},
  pages={119-124},
  keywords={Emotion recognition;Image recognition;Face recognition;Neural networks;Feature extraction;Convolutional neural networks;Intelligent systems;Intelligent mobile system;image and video processing;facial expression recognition;age/gender/race classification;multi-task learning},
  doi={10.1109/SISY52375.2021.9582508}}

@inproceedings{RW_8A_AFNET,
  author    = {Sui, Mingzhe and Li, Hanting and Zhu, Zhaoqing and Zhao, Feng},
  booktitle = {2023 IEEE International Conference on Image Processing (ICIP)},
  title     = {AFNet-M: Adaptive Fusion Network with Masks for 2D+3D Facial Expression Recognition},
  year      = {2023},
  volume    = {},
  number    = {},
  pages     = {116-120},
  keywords  = {Adaptation models;Three-dimensional displays;Adaptive systems;Image recognition;Face recognition;Computational modeling;Merging;2D+3D facial expression recognition;mask attention;adaptive fusion;AFNet-M},
  doi       = {10.1109/ICIP49359.2023.10222441}
}

@article{RW_8B_CMANET,
  title={CMANET: Curvature-Aware Soft Mask Guided Attention Fusion Network for 2D+3D Facial Expression Recognition},
  author={Zhaoqing Zhu and Ming-Fa Sui and Hanting Li and Feng Zhao},
  journal={2022 IEEE International Conference on Multimedia and Expo (ICME)},
  year={2022},
  pages={1-6},
  url={https://api.semanticscholar.org/CorpusID:251847634}
}

@article{RW_8C_FFNET,
  title={FFNet-M: Feature Fusion Network with Masks for Multimodal Facial Expression Recognition},
  author={Ming-Fa Sui and Zhaoqing Zhu and Feng Zhao and Feng Wu},
  journal={2021 IEEE International Conference on Multimedia and Expo (ICME)},
  year={2021},
  pages={1-6},
  url={https://api.semanticscholar.org/CorpusID:236227917}
}

@article{RW_8D_MFEVIT,
  author       = {Hanting Li and
                  Mingzhe Sui and
                  Zhaoqing Zhu and
                  Feng Zhao},
  title        = {MFEViT: {A} Robust Lightweight Transformer-based Network for Multimodal
                  2D+3D Facial Expression Recognition},
  journal      = {CoRR},
  volume       = {abs/2109.13086},
  year         = {2021},
  url          = {https://arxiv.org/abs/2109.13086},
  eprinttype    = {arXiv},
  eprint       = {2109.13086},
  timestamp    = {Mon, 20 Jun 2022 09:48:12 +0200},
  biburl       = {https://dblp.org/rec/journals/corr/abs-2109-13086.bib},
  bibsource    = {dblp computer science bibliography, https://dblp.org}
}

@article{RW_9_CMFN,
  author   = {Ni, Rongrong and Yang, Biao and Zhou, Xu and Cangelosi, Angelo and Liu, Xiaofeng},
  journal  = {IEEE Transactions on Cognitive and Developmental Systems},
  title    = {Facial Expression Recognition Through Cross-Modality Attention Fusion},
  year     = {2023},
  volume   = {15},
  number   = {1},
  pages    = {175-185},
  keywords = {Feature extraction;Face recognition;Emotion recognition;Three-dimensional displays;Databases;Image recognition;Data mining;Convolutional neural network (CNN);cross-modality attention fusion;facial depth images;facial expression recognition (FER);focal loss},
  doi      = {10.1109/TCDS.2022.3150019}
}

@article{RW_10_OGFNET,
  title={Orthogonalization-Guided Feature Fusion Network for Multimodal 2D+3D Facial Expression Recognition},
  author={Shisong Lin and Mengchao Bai and Feng Liu and Linlin Shen and Yicong Zhou},
  journal={IEEE Transactions on Multimedia},
  year={2020},
  volume={23},
  pages={1581-1591},
  url={https://api.semanticscholar.org/CorpusID:225718070}
}

@Article{RW_11_DDAMFN,
AUTHOR = {Zhang, Saining and Zhang, Yuhang and Zhang, Ye and Wang, Yufei and Song, Zhigang},
TITLE = {A Dual-Direction Attention Mixed Feature Network for Facial Expression Recognition},
JOURNAL = {Electronics},
VOLUME = {12},
YEAR = {2023},
NUMBER = {17},
ARTICLE-NUMBER = {3595},
URL = {https://www.mdpi.com/2079-9292/12/17/3595},
ISSN = {2079-9292},
DOI = {10.3390/electronics12173595}
}

@misc{RW_12A_FMAE,
    title={Representation Learning and Identity Adversarial Training for Facial Behavior Understanding},
    author={Mang Ning and Albert Ali Salah and Itir Onal Ertugrul},
    year={2024},
    eprint={2407.11243},
    archivePrefix={arXiv},
    primaryClass={cs.CV}
}

@article{RW_12B_MAE,
  author       = {Kaiming He and
                  Xinlei Chen and
                  Saining Xie and
                  Yanghao Li and
                  Piotr Doll{\'{a}}r and
                  Ross B. Girshick},
  title        = {Masked Autoencoders Are Scalable Vision Learners},
  journal      = {CoRR},
  volume       = {abs/2111.06377},
  year         = {2021},
  url          = {https://arxiv.org/abs/2111.06377},
  eprinttype    = {arXiv},
  eprint       = {2111.06377},
  timestamp    = {Tue, 16 Nov 2021 12:12:31 +0100},
  biburl       = {https://dblp.org/rec/journals/corr/abs-2111-06377.bib},
  bibsource    = {dblp computer science bibliography, https://dblp.org}
}


@misc{RW_13_BTN,
      title={Batch Transformer: Look for Attention in Batch}, 
      author={Myung Beom Her and Jisu Jeong and Hojoon Song and Ji-Hyeong Han},
      year={2024},
      eprint={2407.04218},
      archivePrefix={arXiv},
      primaryClass={cs.CV},
      url={https://arxiv.org/abs/2407.04218}, 
}

@article{RW_14_PAtt_Lite,
  title={PAtt-Lite: lightweight patch and attention MobileNet for challenging facial expression recognition},
  author={Le Ngwe, Jia and Lim, Kian Ming and Lee, Chin Poo and Ong, Thian Song and Alqahtani, Ali},
  journal={IEEE Access},
  year={2024},
  publisher={IEEE}
}

@misc{RW_15_S2D,
      title={From Static to Dynamic: Adapting Landmark-Aware Image Models for Facial Expression Recognition in Videos}, 
      author={Yin Chen and Jia Li and Shiguang Shan and Meng Wang and Richang Hong},
      year={2023},
      eprint={2312.05447},
      archivePrefix={arXiv},
      primaryClass={cs.CV},
      url={https://arxiv.org/abs/2312.05447}, 
}

@article{RW_16_DCJT,
  title={Joint Training on Multiple Datasets With Inconsistent Labeling Criteria for Facial Expression Recognition},
  author={Yu, Chengyan and Zhang, Dong and Zou, Wei and Li, Ming},
  journal={IEEE Transactions on Affective Computing},
  year={2024},
  publisher={IEEE}
}

@misc{RW_17_ViT-base,
      title={Emotion Separation and Recognition from a Facial Expression by Generating the Poker Face with Vision Transformers}, 
      author={Jia Li and Jiantao Nie and Dan Guo and Richang Hong and Meng Wang},
      year={2023},
      eprint={2207.11081},
      archivePrefix={arXiv},
      primaryClass={cs.CV},
      url={https://arxiv.org/abs/2207.11081}, 
}


@article{transformer,
  author       = {Ashish Vaswani and
                  Noam Shazeer and
                  Niki Parmar and
                  Jakob Uszkoreit and
                  Llion Jones and
                  Aidan N. Gomez and
                  Lukasz Kaiser and
                  Illia Polosukhin},
  title        = {Attention Is All You Need},
  journal      = {CoRR},
  volume       = {abs/1706.03762},
  year         = {2017},
  url          = {http://arxiv.org/abs/1706.03762},
  eprinttype    = {arXiv},
  eprint       = {1706.03762},
  timestamp    = {Sat, 23 Jan 2021 01:20:40 +0100},
  biburl       = {https://dblp.org/rec/journals/corr/VaswaniSPUJGKP17.bib},
  bibsource    = {dblp computer science bibliography, https://dblp.org}
}

@article{SiLU,
title = {Sigmoid-weighted linear units for neural network function approximation in reinforcement learning},
journal = {Neural Networks},
volume = {107},
pages = {3-11},
year = {2018},
note = {Special issue on deep reinforcement learning},
issn = {0893-6080},
doi = {https://doi.org/10.1016/j.neunet.2017.12.012},
url = {https://www.sciencedirect.com/science/article/pii/S0893608017302976},
author = {Stefan Elfwing and Eiji Uchibe and Kenji Doya},
keywords = {Reinforcement learning, Sigmoid-weighted linear unit, Function approximation, Tetris, Atari 2600, Deep learning},
}

@inproceedings{Allied-market-research,
  author    = {Tanmay Sharma, Onkar Sumant},
  booktitle = {Emotion Detection and Recognition Market Size, Share, Competitive Landscape and Trend Analysis Report by Software Tool, by Application, by Technology, by End User : Global Opportunity Analysis and Industry Forecast, 2021-2031},
  title     = {},
  year      = {2023},
  volume    = {},
  number    = {},
  pages     = {232},
  keywords  = {},
  url       = {https://www.alliedmarketresearch.com/emotion-detection-and-recognition-market}
}

@inproceedings{center_loss,
  title     = {A Discriminative Feature Learning Approach for Deep Face Recognition},
  author    = {Yandong Wen and Kaipeng Zhang and Zhifeng Li and Yu Qiao},
  booktitle = {European Conference on Computer Vision},
  year      = {2016},
  url       = {https://api.semanticscholar.org/CorpusID:4711865}
}

@article{Circumplex,
  author = {Sehgal, Stuti and Sharma, Harsh and Anand, Akshat},
  year   = {2021},
  month  = {06},
  pages  = {},
  title  = {Smart and Context-Aware System employing Emotions Recognition}
}

@inproceedings{combined_hysto_illnormalization_0,
  author    = {Yu, Zhiding and Zhang, Cha},
  title     = {Image based Static Facial Expression Recognition with Multiple Deep Network Learning},
  year      = {2015},
  isbn      = {9781450339124},
  publisher = {Association for Computing Machinery},
  address   = {New York, NY, USA},
  url       = {https://doi.org/10.1145/2818346.2830595},
  doi       = {10.1145/2818346.2830595},
  abstract  = {},
  booktitle = {Proceedings of the 2015 ACM on International Conference on Multimodal Interaction},
  pages     = {435–442},
  numpages  = {8},
  keywords  = {multiple network learning, facial expression recognition, emotiw 2015 challenge, convolutional neural network},
  location  = {Seattle, Washington, USA},
  series    = {ICMI '15}
}

@article{Optuna,
  author       = {Takuya Akiba and
                  Shotaro Sano and
                  Toshihiko Yanase and
                  Takeru Ohta and
                  Masanori Koyama},
  title        = {Optuna: {A} Next-generation Hyperparameter Optimization Framework},
  journal      = {CoRR},
  volume       = {abs/1907.10902},
  year         = {2019},
  url          = {http://arxiv.org/abs/1907.10902},
  eprinttype    = {arXiv},
  eprint       = {1907.10902},
  timestamp    = {Thu, 01 Aug 2019 08:59:33 +0200},
  biburl       = {https://dblp.org/rec/journals/corr/abs-1907-10902.bib},
  bibsource    = {dblp computer science bibliography, https://dblp.org}
}

@article{Gradcam,
   title={Grad-CAM: Visual Explanations from Deep Networks via Gradient-Based Localization},
   volume={128},
   ISSN={1573-1405},
   url={http://dx.doi.org/10.1007/s11263-019-01228-7},
   DOI={10.1007/s11263-019-01228-7},
   number={2},
   journal={International Journal of Computer Vision},
   publisher={Springer Science and Business Media LLC},
   author={Selvaraju, Ramprasaath R. and Cogswell, Michael and Das, Abhishek and Vedantam, Ramakrishna and Parikh, Devi and Batra, Dhruv},
   year={2019},
   month=oct, pages={336–359} }

@article{Inception_block,
  author       = {Christian Szegedy and
                  Wei Liu and
                  Yangqing Jia and
                  Pierre Sermanet and
                  Scott E. Reed and
                  Dragomir Anguelov and
                  Dumitru Erhan and
                  Vincent Vanhoucke and
                  Andrew Rabinovich},
  title        = {Going Deeper with Convolutions},
  journal      = {CoRR},
  volume       = {abs/1409.4842},
  year         = {2014},
  url          = {http://arxiv.org/abs/1409.4842},
  eprinttype    = {arXiv},
  eprint       = {1409.4842},
  timestamp    = {Mon, 13 Aug 2018 16:48:52 +0200},
  biburl       = {https://dblp.org/rec/journals/corr/SzegedyLJSRAEVR14.bib},
  bibsource    = {dblp computer science bibliography, https://dblp.org}
}

@inproceedings{combined_hysto_illnormalization_1,
  author    = {Ebrahimi Kahou, Samira and Michalski, Vincent and Konda, Kishore and Memisevic, Roland and Pal, Christopher},
  title     = {Recurrent Neural Networks for Emotion Recognition in Video},
  year      = {2015},
  isbn      = {9781450339124},
  publisher = {Association for Computing Machinery},
  address   = {New York, NY, USA},
  url       = {https://doi.org/10.1145/2818346.2830596},
  doi       = {10.1145/2818346.2830596},
  abstract  = {},
  booktitle = {Proceedings of the 2015 ACM on International Conference on Multimodal Interaction},
  pages     = {467–474},
  numpages  = {8},
  keywords  = {deep learning, emotion recognition, model combination, multimodal learning, recurrent neural networks},
  location  = {Seattle, Washington, USA},
  series    = {ICMI '15}
}

@article{ResNet,
  author       = {Kaiming He and
                  Xiangyu Zhang and
                  Shaoqing Ren and
                  Jian Sun},
  title        = {Deep Residual Learning for Image Recognition},
  journal      = {CoRR},
  volume       = {abs/1512.03385},
  year         = {2015},
  url          = {http://arxiv.org/abs/1512.03385},
  eprinttype    = {arXiv},
  eprint       = {1512.03385},
  timestamp    = {Wed, 25 Jan 2023 11:01:16 +0100},
  biburl       = {https://dblp.org/rec/journals/corr/HeZRS15.bib},
  bibsource    = {dblp computer science bibliography, https://dblp.org}
}

@inproceedings{combined_hysto_illnormalization_2,
  author    = {Bargal, Sarah Adel and Barsoum, Emad and Ferrer, Cristian Canton and Zhang, Cha},
  title     = {Emotion recognition in the wild from videos using images},
  year      = {2016},
  isbn      = {9781450345569},
  publisher = {Association for Computing Machinery},
  address   = {New York, NY, USA},
  url       = {https://doi.org/10.1145/2993148.2997627},
  doi       = {10.1145/2993148.2997627},
  abstract  = {},
  pages     = {433–436},
  numpages  = {4},
  keywords  = {Basic emotions, Classification, Convolutional Neural Networks, Deep features, EmotiW 2016 Challenge, Emotion recognition, Support Vector Machines},
  location  = {Tokyo, Japan},
  series    = {ICMI '16}
}

@article{VGG16,
  title={Very Deep Convolutional Networks for Large-Scale Image Recognition},
  author={Karen Simonyan and Andrew Zisserman},
  journal={CoRR},
  year={2014},
  volume={abs/1409.1556},
  url={https://api.semanticscholar.org/CorpusID:14124313}
}

@article{Vision_Transformer,
  author       = {Alexey Dosovitskiy and
                  Lucas Beyer and
                  Alexander Kolesnikov and
                  Dirk Weissenborn and
                  Xiaohua Zhai and
                  Thomas Unterthiner and
                  Mostafa Dehghani and
                  Matthias Minderer and
                  Georg Heigold and
                  Sylvain Gelly and
                  Jakob Uszkoreit and
                  Neil Houlsby},
  title        = {An Image is Worth 16x16 Words: Transformers for Image Recognition
                  at Scale},
  journal      = {CoRR},
  volume       = {abs/2010.11929},
  year         = {2020},
  url          = {https://arxiv.org/abs/2010.11929},
  eprinttype    = {arXiv},
  eprint       = {2010.11929},
  timestamp    = {Fri, 20 Nov 2020 14:04:05 +0100},
  biburl       = {https://dblp.org/rec/journals/corr/abs-2010-11929.bib},
  bibsource    = {dblp computer science bibliography, https://dblp.org}
}

@inproceedings{FaceNet,
  author    = {Schroff, Florian and Kalenichenko, Dmitry and Philbin, James},
  booktitle = {2015 IEEE Conference on Computer Vision and Pattern Recognition (CVPR)},
  title     = {FaceNet: A unified embedding for face recognition and clustering},
  year      = {2015},
  volume    = {},
  number    = {},
  pages     = {815-823},
  keywords  = {Face;Face recognition;Training;Accuracy;Artificial neural networks;Standards;Principal component analysis},
  doi       = {10.1109/CVPR.2015.7298682}
}

@InProceedings{center_loss,
author="Wen, Yandong
and Zhang, Kaipeng
and Li, Zhifeng
and Qiao, Yu",
editor="Leibe, Bastian
and Matas, Jiri
and Sebe, Nicu
and Welling, Max",
title="A Discriminative Feature Learning Approach for Deep Face Recognition",
booktitle="Computer Vision -- ECCV 2016",
year="2016",
publisher="Springer International Publishing",
address="Cham",
pages="499--515",
isbn="978-3-319-46478-7"
} 

@article{PointNet,
  author       = {Charles Ruizhongtai Qi and
                  Hao Su and
                  Kaichun Mo and
                  Leonidas J. Guibas},
  title        = {PointNet: Deep Learning on Point Sets for 3D Classification and Segmentation},
  journal      = {CoRR},
  volume       = {abs/1612.00593},
  year         = {2016},
  url          = {http://arxiv.org/abs/1612.00593},
  eprinttype    = {arXiv},
  eprint       = {1612.00593},
  timestamp    = {Wed, 11 Nov 2020 08:48:10 +0100},
  biburl       = {https://dblp.org/rec/journals/corr/QiSMG16.bib},
  bibsource    = {dblp computer science bibliography, https://dblp.org}
}

@book{bishop,
  added-at = {2023-12-18T14:11:13.000+0100},
  author = {Bishop, Christopher Michael and Bishop, Hugh},
  biburl = {https://www.bibsonomy.org/bibtex/270baa8090e176cea7e3b9c3210fd18f0/ng9q1nfk},
  doi = {https://doi.org/10.1007/978-3-031-45468-4},
  edition = 1,
  editor = {Cham, Springer},
  interhash = {7c6c84136d9d592af1f904257d185fec},
  intrahash = {70baa8090e176cea7e3b9c3210fd18f0},
  isbn = {978-3-031-45468-4},
  keywords = {book deep_learning_survey},
  language = {english},
  timestamp = {2023-12-18T14:11:13.000+0100},
  title = {Deep Learning - Foundations and Concepts},
  year = 2023
}

@article{PointNet++,
  author       = {Charles Ruizhongtai Qi and
                  Li Yi and
                  Hao Su and
                  Leonidas J. Guibas},
  title        = {PointNet++: Deep Hierarchical Feature Learning on Point Sets in a
                  Metric Space},
  journal      = {CoRR},
  volume       = {abs/1706.02413},
  year         = {2017},
  url          = {http://arxiv.org/abs/1706.02413},
  eprinttype    = {arXiv},
  eprint       = {1706.02413},
  timestamp    = {Wed, 11 Nov 2020 08:48:08 +0100},
  biburl       = {https://dblp.org/rec/journals/corr/QiYSG17.bib},
  bibsource    = {dblp computer science bibliography, https://dblp.org}
}

@inproceedings{FACS0,
  title  = {Facial Action Coding System: Manual},
  author = {Paul Ekman and Wallace V. Friesen},
  year   = {1978},
  url    = {https://api.semanticscholar.org/CorpusID:140895661}
}

@article{superconvergence,
  author       = {Leslie N. Smith and
                  Nicholay Topin},
  title        = {Super-Convergence: Very Fast Training of Residual Networks Using Large
                  Learning Rates},
  journal      = {CoRR},
  volume       = {abs/1708.07120},
  year         = {2017},
  url          = {http://arxiv.org/abs/1708.07120},
  eprinttype    = {arXiv},
  eprint       = {1708.07120},
  timestamp    = {Mon, 13 Aug 2018 16:48:13 +0200},
  biburl       = {https://dblp.org/rec/journals/corr/abs-1708-07120.bib},
  bibsource    = {dblp computer science bibliography, https://dblp.org}
}

@article{island_loss,
  author       = {Jie Cai and
                  Zibo Meng and
                  Ahmed{-}Shehab Khan and
                  Zhiyuan Li and
                  James O'Reilly and
                  Yan Tong},
  title        = {Island Loss for Learning Discriminative Features in Facial Expression
                  Recognition},
  journal      = {CoRR},
  volume       = {abs/1710.03144},
  year         = {2017},
  url          = {http://arxiv.org/abs/1710.03144},
  eprinttype    = {arXiv},
  eprint       = {1710.03144},
  timestamp    = {Mon, 25 Nov 2019 14:34:48 +0100},
  biburl       = {https://dblp.org/rec/journals/corr/abs-1710-03144.bib},
  bibsource    = {dblp computer science bibliography, https://dblp.org}
}


@article{mediapipe,
  author       = {Ivan Grishchenko and
                  Artsiom Ablavatski and
                  Yury Kartynnik and
                  Karthik Raveendran and
                  Matthias Grundmann},
  title        = {Attention Mesh: High-fidelity Face Mesh Prediction in Real-time},
  journal      = {CoRR},
  volume       = {abs/2006.10962},
  year         = {2020},
  url          = {https://arxiv.org/abs/2006.10962},
  eprinttype    = {arXiv},
  eprint       = {2006.10962},
  timestamp    = {Tue, 23 Jun 2020 17:57:22 +0200},
  biburl       = {https://dblp.org/rec/journals/corr/abs-2006-10962.bib},
  bibsource    = {dblp computer science bibliography, https://dblp.org}
}
@article{MeshCNN,
  author       = {Rana Hanocka and
                  Amir Hertz and
                  Noa Fish and
                  Raja Giryes and
                  Shachar Fleishman and
                  Daniel Cohen{-}Or},
  title        = {MeshCNN: {A} Network with an Edge},
  journal      = {CoRR},
  volume       = {abs/1809.05910},
  year         = {2018},
  url          = {http://arxiv.org/abs/1809.05910},
  eprinttype    = {arXiv},
  eprint       = {1809.05910},
  timestamp    = {Fri, 05 Oct 2018 11:34:52 +0200},
  biburl       = {https://dblp.org/rec/journals/corr/abs-1809-05910.bib},
  bibsource    = {dblp computer science bibliography, https://dblp.org}
}

@article{FACS1,
  doi       = {10.1371/journal.pone.0177239},
  author    = {Wegrzyn, Martin AND Vogt, Maria AND Kireclioglu, Berna AND Schneider, Julia AND Kissler, Johanna},
  journal   = {PLOS ONE},
  publisher = {Public Library of Science},
  title     = {Mapping the emotional face. How individual face parts contribute to successful emotion recognition},
  year      = {2017},
  month     = {05},
  volume    = {12},
  url       = {https://doi.org/10.1371/journal.pone.0177239},
  pages     = {1-15},
  number    = {5}
}

@article{Ekman,
  title   = {Constants across cultures in the face and emotion.},
  author  = {Paul Ekman and W V Friesen},
  journal = {Journal of personality and social psychology},
  year    = {1971},
  volume  = {17 2},
  pages   = {
             124-9
             },
  url     = {https://api.semanticscholar.org/CorpusID:14013552}
}

@article{focal_loss_paper,
  author     = {Tsung{-}Yi Lin and
                Priya Goyal and
                Ross B. Girshick and
                Kaiming He and
                Piotr Doll{\'{a}}r},
  title      = {Focal Loss for Dense Object Detection},
  journal    = {CoRR},
  volume     = {abs/1708.02002},
  year       = {2017},
  url        = {http://arxiv.org/abs/1708.02002},
  eprinttype = {arXiv},
  eprint     = {1708.02002},
  timestamp  = {Mon, 13 Aug 2018 16:46:12 +0200},
  biburl     = {https://dblp.org/rec/journals/corr/abs-1708-02002.bib},
  bibsource  = {dblp computer science bibliography, https://dblp.org}
}

@article{four_not_six,
  title   = {Four not six: Revealing culturally common facial expressions of emotion.},
  author  = {Rachael E. Jack and Wei Sun and Ioannis Delis and Oliver G. B. Garrod and Philippe G. Schyns},
  journal = {Journal of experimental psychology. General},
  year    = {2016},
  volume  = {145 6},
  pages   = {
             708-30
             },
  url     = {https://api.semanticscholar.org/CorpusID:19069039}
}

@article{GAPED,
  title   = {The Geneva affective picture database (GAPED): a new 730-picture database focusing on valence and normative significance},
  author  = {Elise S. Dan-Glauser and Klaus R. Scherer},
  journal = {Behavior Research Methods},
  year    = {2011},
  volume  = {43},
  pages   = {468-477},
  url     = {https://api.semanticscholar.org/CorpusID:207655542}
}

@inbook{IAPS,
  author    = {Bradley, Margaret M.
               and Lang, Peter J.},
  editor    = {Zeigler-Hill, Virgil
               and Shackelford, Todd K.},
  title     = {International Affective Picture System},
  booktitle = {Encyclopedia of Personality and Individual Differences},
  year      = {2017},
  publisher = {Springer International Publishing},
  address   = {Cham},
  pages     = {1--4},
  isbn      = {978-3-319-28099-8},
  doi       = {10.1007/978-3-319-28099-8_42-1},
  url       = {https://doi.org/10.1007/978-3-319-28099-8_42-1}
}

@article{not_culturally_universal,
  title   = {Facial expressions of emotion are not culturally universal},
  author  = {Rachael E. Jack and Oliver G. B. Garrod and Hui Yu and Roberto Caldara and Philippe G. Schyns},
  journal = {Proceedings of the National Academy of Sciences},
  year    = {2012},
  volume  = {109},
  pages   = {7241 - 7244},
  url     = {https://api.semanticscholar.org/CorpusID:2661203}
}

@article{IR-50,
  author       = {Jiankang Deng and
                  Jia Guo and
                  Stefanos Zafeiriou},
  title        = {ArcFace: Additive Angular Margin Loss for Deep Face Recognition},
  journal      = {CoRR},
  volume       = {abs/1801.07698},
  year         = {2018},
  url          = {http://arxiv.org/abs/1801.07698},
  eprinttype    = {arXiv},
  eprint       = {1801.07698},
  timestamp    = {Mon, 13 Aug 2018 16:46:52 +0200},
  biburl       = {https://dblp.org/rec/journals/corr/abs-1801-07698.bib},
  bibsource    = {dblp computer science bibliography, https://dblp.org}
}

@article{MobileFaceNet,
  author       = {Sheng Chen and
                  Yang Liu and
                  Xiang Gao and
                  Zhen Han},
  title        = {MobileFaceNets: Efficient CNNs for Accurate Real-time Face Verification
                  on Mobile Devices},
  journal      = {CoRR},
  volume       = {abs/1804.07573},
  year         = {2018},
  url          = {http://arxiv.org/abs/1804.07573},
  eprinttype    = {arXiv},
  eprint       = {1804.07573},
  timestamp    = {Mon, 13 Aug 2018 16:48:55 +0200},
  biburl       = {https://dblp.org/rec/journals/corr/abs-1804-07573.bib},
  bibsource    = {dblp computer science bibliography, https://dblp.org}
}

@article{R-CNN,
  author   = {Wu, Wenqi and Yin, Yingjie and Wang, Xingang and Xu, De},
  journal  = {IEEE Transactions on Cybernetics},
  title    = {Face Detection With Different Scales Based on Faster R-CNN},
  year     = {2019},
  volume   = {49},
  number   = {11},
  pages    = {4017-4028},
  keywords = {Face detection;Face;Feature extraction;Proposals;Detectors;Boosting;Training;Deep convolutional neural network (DCNN);deep learning;face detection;Faster R-CNN},
  doi      = {10.1109/TCYB.2018.2859482}
}

@article{contrastive_loss,
  author       = {Prannay Khosla and
                  Piotr Teterwak and
                  Chen Wang and
                  Aaron Sarna and
                  Yonglong Tian and
                  Phillip Isola and
                  Aaron Maschinot and
                  Ce Liu and
                  Dilip Krishnan},
  title        = {Supervised Contrastive Learning},
  journal      = {CoRR},
  volume       = {abs/2004.11362},
  year         = {2020},
  url          = {https://arxiv.org/abs/2004.11362},
  eprinttype    = {arXiv},
  eprint       = {2004.11362},
  timestamp    = {Wed, 28 Dec 2022 08:11:08 +0100},
  biburl       = {https://dblp.org/rec/journals/corr/abs-2004-11362.bib},
  bibsource    = {dblp computer science bibliography, https://dblp.org}
}

@article{triplet_loss,
  author       = {Florian Schroff and
                  Dmitry Kalenichenko and
                  James Philbin},
  title        = {FaceNet: {A} Unified Embedding for Face Recognition and Clustering},
  journal      = {CoRR},
  volume       = {abs/1503.03832},
  year         = {2015},
  url          = {http://arxiv.org/abs/1503.03832},
  eprinttype    = {arXiv},
  eprint       = {1503.03832},
  timestamp    = {Mon, 13 Aug 2018 16:46:42 +0200},
  biburl       = {https://dblp.org/rec/journals/corr/SchroffKP15.bib},
  bibsource    = {dblp computer science bibliography, https://dblp.org}
}

@article{MobileNetv1,
  title={MobileNets: Efficient Convolutional Neural Networks for Mobile Vision Applications},
  author={Andrew G. Howard and Menglong Zhu and Bo Chen and Dmitry Kalenichenko and Weijun Wang and Tobias Weyand and Marco Andreetto and Hartwig Adam},
  journal={ArXiv},
  year={2017},
  volume={abs/1704.04861},
  url={https://api.semanticscholar.org/CorpusID:12670695}
}

@article{MobileNetv2,
  author       = {Mark Sandler and
                  Andrew G. Howard and
                  Menglong Zhu and
                  Andrey Zhmoginov and
                  Liang{-}Chieh Chen},
  title        = {Inverted Residuals and Linear Bottlenecks: Mobile Networks for Classification,
                  Detection and Segmentation},
  journal      = {CoRR},
  volume       = {abs/1801.04381},
  year         = {2018},
  url          = {http://arxiv.org/abs/1801.04381},
  eprinttype    = {arXiv},
  eprint       = {1801.04381},
  timestamp    = {Tue, 12 Jan 2021 15:30:06 +0100},
  biburl       = {https://dblp.org/rec/journals/corr/abs-1801-04381.bib},
  bibsource    = {dblp computer science bibliography, https://dblp.org}
}

@article{MobileNetv3,
  author       = {Andrew Howard and
                  Mark Sandler and
                  Grace Chu and
                  Liang{-}Chieh Chen and
                  Bo Chen and
                  Mingxing Tan and
                  Weijun Wang and
                  Yukun Zhu and
                  Ruoming Pang and
                  Vijay Vasudevan and
                  Quoc V. Le and
                  Hartwig Adam},
  title        = {Searching for MobileNetV3},
  journal      = {CoRR},
  volume       = {abs/1905.02244},
  year         = {2019},
  url          = {http://arxiv.org/abs/1905.02244},
  eprinttype    = {arXiv},
  eprint       = {1905.02244},
  timestamp    = {Thu, 27 May 2021 16:20:51 +0200},
  biburl       = {https://dblp.org/rec/journals/corr/abs-1905-02244.bib},
  bibsource    = {dblp computer science bibliography, https://dblp.org}
}

@misc{MobileNetv4,
      title={MobileNetV4 -- Universal Models for the Mobile Ecosystem}, 
      author={Danfeng Qin and Chas Leichner and Manolis Delakis and Marco Fornoni and Shixin Luo and Fan Yang and Weijun Wang and Colby Banbury and Chengxi Ye and Berkin Akin and Vaibhav Aggarwal and Tenghui Zhu and Daniele Moro and Andrew Howard},
      year={2024},
      eprint={2404.10518},
      archivePrefix={arXiv},
      primaryClass={cs.CV},
      url={https://arxiv.org/abs/2404.10518}, 
}

@article{EfficientNet,
  author       = {Mingxing Tan and
                  Quoc V. Le},
  title        = {EfficientNet: Rethinking Model Scaling for Convolutional Neural Networks},
  journal      = {CoRR},
  volume       = {abs/1905.11946},
  year         = {2019},
  url          = {http://arxiv.org/abs/1905.11946},
  eprinttype    = {arXiv},
  eprint       = {1905.11946},
  timestamp    = {Mon, 03 Jun 2019 13:42:33 +0200},
  biburl       = {https://dblp.org/rec/journals/corr/abs-1905-11946.bib},
  bibsource    = {dblp computer science bibliography, https://dblp.org}
}

@article{RexNet,
  author       = {Dongyoon Han and
                  Sangdoo Yun and
                  Byeongho Heo and
                  Young Joon Yoo},
  title        = {ReXNet: Diminishing Representational Bottleneck on Convolutional Neural
                  Network},
  journal      = {CoRR},
  volume       = {abs/2007.00992},
  year         = {2020},
  url          = {https://arxiv.org/abs/2007.00992},
  eprinttype    = {arXiv},
  eprint       = {2007.00992},
  timestamp    = {Mon, 06 Jul 2020 15:26:01 +0200},
  biburl       = {https://dblp.org/rec/journals/corr/abs-2007-00992.bib},
  bibsource    = {dblp computer science bibliography, https://dblp.org}
}

@article{SVM_in_DL,
  author     = {Yichuan Tang},
  title      = {Deep Learning using Support Vector Machines},
  journal    = {CoRR},
  volume     = {abs/1306.0239},
  year       = {2013},
  url        = {http://arxiv.org/abs/1306.0239},
  eprinttype = {arXiv},
  eprint     = {1306.0239},
  timestamp  = {Mon, 13 Aug 2018 16:49:05 +0200},
  biburl     = {https://dblp.org/rec/journals/corr/Tang13.bib},
  bibsource  = {dblp computer science bibliography, https://dblp.org}
}

@inproceedings{V-J_face_detection,
  author    = {Viola, P. and Jones, M.},
  booktitle = {Proceedings of the 2001 IEEE Computer Society Conference on Computer Vision and Pattern Recognition. CVPR 2001},
  title     = {Rapid object detection using a boosted cascade of simple features},
  year      = {2001},
  volume    = {1},
  number    = {},
  pages     = {I-I},
  keywords  = {Object detection;Face detection;Pixel;Detectors;Filters;Machine learning;Image representation;Focusing;Skin;Robustness},
  doi       = {10.1109/CVPR.2001.990517}
}

